@ARTICLE{2015arXiv150605869V,
  author={{Vinyals}, O. and {Le}, Q.},
  title="{A Neural Conversational Model}",
  journal={ArXiv e-prints},
  archivePrefix="arXiv",
  eprint={1506.05869},
  primaryClass="cs.CL",
  keywords={Computer Science - Computation and Language},
  year={2015},
  month={jun},
  adsurl={http://adsabs.harvard.edu/abs/2015arXiv150605869V},
  adsnote={Provided by the SAO/NASA Astrophysics Data System}
}

@ARTICLE{2016arXiv161104051K,
  author={{Kusner}, M.~J. and {Hern{\'a}ndez-Lobato}, J.~M.},
  title="{GANS for Sequences of Discrete Elements with the Gumbel-softmax Distribution}",
  journal={ArXiv e-prints},
  archivePrefix="arXiv",
  eprint={1611.04051},
  primaryClass="stat.ML",
  keywords={Statistics - Machine Learning, Computer Science - Learning},
  year={2016},
  month={nov},
  adsurl={http://adsabs.harvard.edu/abs/2016arXiv161104051K},
  adsnote={Provided by the SAO/NASA Astrophysics Data System}
}

@ARTICLE{2015arXiv150301007J,
  author={{Joulin}, A. and {Mikolov}, T.},
  title="{Inferring Algorithmic Patterns with Stack-Augmented Recurrent Nets}",
  journal={ArXiv e-prints},
  archivePrefix="arXiv",
  eprint={1503.01007},
  keywords={Computer Science - Neural and Evolutionary Computing, Computer Science - Learning},
  year={2015},
  month={mar},
  adsurl={http://adsabs.harvard.edu/abs/2015arXiv150301007J},
  adsnote={Provided by the SAO/NASA Astrophysics Data System}
}

@ARTICLE{2014arXiv14090473B,
  author={{Bahdanau}, D. and {Cho}, K. and {Bengio}, Y.},
  title="{Neural Machine Translation by Jointly Learning to Align and Translate}",
  journal={ArXiv e-prints},
  archivePrefix="arXiv",
  eprint={1409.0473},
  primaryClass="cs.CL",
  keywords={Computer Science - Computation and Language, Computer Science - Learning, Computer Science - Neural and Evolutionary Computing, Statistics - Machine Learning},
  year={2014},
  month={sep},
  adsurl={http://adsabs.harvard.edu/abs/2014arXiv1409.0473B},
  adsnote={Provided by the SAO/NASA Astrophysics Data System}
}

@ARTICLE{2015arXiv150308895S,
  author={{Sukhbaatar}, S. and {Szlam}, A. and {Weston}, J. and {Fergus}, R.},
  title="{End-To-End Memory Networks}",
  journal={ArXiv e-prints},
  archivePrefix="arXiv",
  eprint={1503.08895},
  keywords={Computer Science - Neural and Evolutionary Computing, Computer Science - Computation and Language},
  year={2015},
  month={mar},
  adsurl={http://adsabs.harvard.edu/abs/2015arXiv150308895S},
  adsnote={Provided by the SAO/NASA Astrophysics Data System}
}
